<record><leader>00000cas a2200000 a 4500</leader><controlfield tag="001">11910984</controlfield><controlfield tag="008">850412d19331935ksuwr ne      0    0eng d</controlfield><datafield ind1=" " ind2=" " tag="010"><subfield code="a">sn 85029928 </subfield></datafield><datafield ind1=" " ind2=" " tag="040"><subfield code="a">KSH</subfield><subfield code="b">eng</subfield><subfield code="c">KSH</subfield><subfield code="d">NPT</subfield><subfield code="d">OCL</subfield><subfield code="d">OCLCQ</subfield></datafield><datafield ind1=" " ind2=" " tag="042"><subfield code="a">msc</subfield></datafield><datafield ind1="0" ind2=" " tag="130"><subfield code="a">Edgerton journal (Edgerton, Kan. : 1933)</subfield></datafield><datafield ind1="1" ind2="4" tag="245"><subfield code="a">The Edgerton journal.</subfield></datafield><datafield ind1=" " ind2=" " tag="260"><subfield code="a">Edgerton, Kan. :</subfield><subfield code="b">[s.n.],</subfield><subfield code="c">1933-1935.</subfield></datafield><datafield ind1=" " ind2=" " tag="300"><subfield code="a">3 v. :</subfield><subfield code="b">ill. ;</subfield><subfield code="c">39-55 cm.</subfield></datafield><datafield ind1=" " ind2=" " tag="310"><subfield code="a">Weekly</subfield></datafield><datafield ind1="0" ind2=" " tag="362"><subfield code="a">Vol. 1, no. 1 (Apr. 29, 1933)-v. 3, no. 19 (Aug. 16, 1935).</subfield></datafield><datafield ind1=" " ind2=" " tag="752"><subfield code="a">United States</subfield><subfield code="b">Kansas</subfield><subfield code="c">Johnson</subfield><subfield code="d">Edgerton.</subfield></datafield><datafield ind1="0" ind2="4" tag="785"><subfield code="t">Olathe mirror (Olathe, Kan. : 1886)</subfield><subfield code="w">(DLC)sn 85029953</subfield></datafield></record>